@misc{lee2020converting,
      title={Converting the Point of View of Messages Spoken to Virtual Assistants}, 
      author={Isabelle G. Lee and Vera Zu and Sai Srujana Buddi and Dennis Liang and Purva Kulkarni and Jack G. M. Fitzgerald},
      year={2020},
      eprint={2010.02600},
      archivePrefix={arXiv},
      primaryClass={cs.CL}
}

@inproceedings{granero-moya-oikonomou-filandras-2021-taking,
    title = "Taking Things Personally: Third Person to First Person Rephrasing",
    author = "Granero Moya, Marcel  and
      Oikonomou Filandras, Panagiotis Agis",
    booktitle = "Proceedings of the 3rd Workshop on Natural Language Processing for Conversational AI",
    month = nov,
    year = "2021",
    address = "Online",
    publisher = "Association for Computational Linguistics",
    url = "https://aclanthology.org/2021.nlp4convai-1.1",
    pages = "1--7",
    abstract = "The recent advancement of digital assistant technologies has opened new possibilities in the experiences they can provide. One of them is the ability to converse with a persona, e.g. celebrities, famous imaginary characters, etc. This experience requires that the replies are answered from the point of view of the persona, i.e. the first person. Since the facts about characters are typically found expressed in the third person, there is a need to rephrase them to the first person in order for the assistant not to break character and the experience to remain immersive. However, the automatic solution to such a problem is largely unexplored by the community. In this work, we present a new task for NLP: third person to first person rephrasing. We define the task and analyze its major challenges. We create and publish a novel dataset with 3493 human-annotated pairs of celebrity facts in the third person with their rephrased sentence in the first person. Moreover, we propose a transformer-based pipeline that correctly rephrases 92.0{\%} of sentences compared to 77.0{\%} rephrased by a rule-based baseline system.",
}

@InProceedings{strakova14,
  author    = {Strakov\'{a}, Jana  and  Straka, Milan  and  Haji\v{c}, Jan},
  title     = {Open-{S}ource {T}ools for {M}orphology, {L}emmatization, {POS} {T}agging and {N}amed {E}ntity {R}ecognition},
  booktitle = {Proceedings of 52nd Annual Meeting of the Association for Computational Linguistics: System Demonstrations},
  month     = {6},
  year      = {2014},
  address   = {Baltimore, Maryland},
  publisher = {Association for Computational Linguistics},
  pages     = {13--18},
  url       = {http://www.aclweb.org/anthology/P/P14/P14-5003.pdf}
}

@MastersThesis{Sedlacekthesis,
AUTHOR = "Sedláček, Radek",
TITLE = "Morfologický analyzátor češtiny [online]",
YEAR = " [cit. 2021-11-14]",
TYPE = "Diplomová práce",
SCHOOL = "Masarykova univerzita, Fakulta informatiky, Brno",
SUPERVISOR = " ",
URL = "Dostupné z WWW <https://is.muni.cz/th/hdq2f/>",
}

@inproceedings{majka,
   author = {Šmerk, Pavel},
   address = {Brno},
   booktitle = {Proceedings of the Raslan Workshop 2009},
   keywords = {morphological analysis; finite state automata},
   howpublished = {tištěná verze "print"},
   language = {eng},
   location = {Brno},
   isbn = {978-80-210-5048-8},
   publisher = {Masarykova univerzita},
   title = {Fast Morphological Analysis of Czech},
   url = {https://nlp.fi.muni.cz/raslan/2009/papers/13.pdf},
   year = {2009}
}

@inproceedings{set,
   author = {Kovář, Vojtěch},
   address = {Berlin Heidelberg},
   booktitle = {17th International Conference, TSD 2014},
   doi = {http://dx.doi.org/10.1007/978-3-319-10816-2_38},
   edition = {prvni},
   keywords = {parser; SET; Czech; grammar checking; punctuation detection; syntactic analysis},
   howpublished = {tištěná verze "print"},
   language = {eng},
   location = {Berlin Heidelberg},
   isbn = {978-3-319-10815-5},
   pages = {308-314},
   publisher = {Springer Verlag},
   title = {Partial Grammar Checking for Czech Using the SET Parser},
   year = {2014}
}

@book{kubicek-vypravec,
	Author = {Kubíček, Tomáš},
	ISBN = {978-80-7294-215-2},
	Publisher = {Host},
	Series = {Studium: sv. 20},
	Title = {Vypravěč : kategorie naratiní analýzy.},
	Year = {2007},
}


@book{dolezel-narativni-zpusoby,
	Author = {Doležel, Lubomír},
	ISBN = {978-80-7294-215-2},
	Publisher = {Pistorius \& Olšanská},
	Series = {Scholares: sv. 41},
	Title = {Narativní způsoby v české literatuře},
	Year = {2014},
	Location = {Příbram},
}

@book{vlasin-slovnik,
	title={Slovník literární teorie},
	publisher={Československý spisovatel},
	author={Vlašín, Štěpán},
	year={1984}
}

@book{muller-sidak-slovnik,
	title={Slovník novější literární teorie},
	publisher={Nakladatelství Academia},
	author={Müller, Richard and Šidák, Pavel},
	year={2012},
	isbn={978-80-200-2048-2}
}

@book{docekalova,
	title={Tvůrčí psaní 2},
	publisher={Grada Publishing},
	author={Dočekalová, Markéta},
	year={2009}
}

@book{nejkrasnejsi-darek,
 	place={Praha},
	title={Nejkrásnější dárek},
	publisher={Euromedia Group},
	author={Musilová, Anna and Hanáková, Jolana and Mintová, Magdalena and Xabyssus, Sam and Šardická, Kateřina and Novotný, Aleš and Addair, Theo and Mátlová, Martina and Bílková, Alžběta and Burgerová, Veronika and et al.},
	year={2020}
} 

@book { LanguageatLarge,
      author = "Alexandra Aikhenvald and R.M.W. Dixon",
      title = "Language at Large: Essays on Syntax and Semantics",
      year = "2011",
      publisher = "Brill",
      address = "Leiden, The Netherlands",
      isbn = "978-90-04-20768-4",
      doi = "https://doi.org/10.1163/ej.9789004206076.i-606",
      url = "https://brill.com/view/title/19784"
}
@inbook { ChapterNine,
      author = "Alexandra Y. Aikhenvald",
      title = "Chapter Nine Semi-Direct Speech in Typological Perspective",
      booktitle = "",
      year = "2018",
      publisher = "Brill",
      address = "Leiden, The Netherlands",
      isbn = "9789004207684",
      pages=      "327 - 366",
      url = "https://brill.com/view/book/9789004207684/BP000017.xml"
}

@online{morfo,
  title = {System MORFO for morphological analysis of Czech},
    publisher = {Institute of Formal and Applied Linguistics},
	  address = {Prague},
	    year = {2008},
		  urldate = {2022-05-16},
		    url = {https://ufal.mff.cuni.cz/morfo/\#about},
			}

@inproceedings{desamb2010,
  author = {Pavel Šmerk and Tomáš Čapek},
    booktitle = {Proceedings of Fourth Workshop on Recent Advances in Slavonic Natural Languages Processing, RASLAN 2010},
	  title = {Towards Partial Word Sense Disambiguation Tools for Czech},
	    publisher = {Tribun EU},
		  address = {Brno},
		    year = {2010},
			    isbn = {978-80-7399-246-0},
				}

@InProceedings{straka-2018-udpipe,
    title = "{UDP}ipe 2.0 Prototype at {C}o{NLL} 2018 {UD} Shared Task",
	    author = "Straka, Milan",
		    booktitle = "Proceedings of the {C}o{NLL} 2018 Shared Task: Multilingual Parsing from Raw Text to Universal Dependencies",
			    month = oct,
				    year = "2018",
					    address = "Brussels, Belgium",
						    publisher = "Association for Computational Linguistics",
							    url = "https://www.aclweb.org/anthology/K18-2020",
								    doi = "10.18653/v1/K18-2020",
									    pages = "197--207",
										}
										@online{Karlik2017,
  author = {Petr Karlík and Marek Nekula and Jana Pleskalová},
  journal = {CzechEncy - Nový encyklopedický slovník češtiny.},
  title = {PŘIVLASTŇOVACÍ ZÁJMENO},
  year = {2017},
  urldate = {2022-05-16},
  url = {https://www.czechency.org/slovnik/PŘIVLASTŇOVACÍ ZÁJMENO},
}


